@comment{This file has been generated by Pybliographer}

@Article{KA,
  Author         = {K.J. Astrom, B.M. Bernhardsson},
  Title          = {Comparison of {R}iemann and {L}ebesgue sampling for
                   first order stochastic systems},
  Journal        = {Proc. 41st IEEE Conf. Decis. Control 2}
}

@Article{JT14,
  Author         = {Jonathan Tapson, Greg Cohen, Andre van Schaik},
  Title          = {E{LM} solutions for event-based systems},
  Journal        = {Neurocomputing},
  month          = {13 } # jan,
  year           = 2014
}

@Article{JC09,
  Author         = {Jorg Conradt, Raphael Berner, Matthew Cook},
  Title          = {An {E}mbedded {AER} {D}ynamic {V}ision {S}ensor for
                   {L}ow-{L}atency {P}ole {B}alancing},
  Journal        = {IEEE 12th International Conference on Computer Vision
                   Workshops, ICCV Workshops},
  year           = 2009
}

@Article{LAC,
  Author         = {L. A. Camunas-Mesa, T. Serrano-Gotarredona, and B.
                   Linares-Barranco},
  Title          = {Event-{D}riven {S}ensing and {P}rocessing for
                   {H}igh-{S}peed {R}obotic {V}ision}
}

